<?xml version="1.0" encoding="UTF-8"?><record xmlns="http://www.loc.gov/MARC21/slim" xmlns:cinclude="http://apache.org/cocoon/include/1.0" xmlns:zs="http://www.loc.gov/zing/srw/">
  <leader>00778cz  a2200193n  4500</leader>
  <controlfield tag="001">n  85006885 </controlfield>
  <controlfield tag="003">DLC</controlfield>
  <controlfield tag="005">20000525064510.0</controlfield>
  <controlfield tag="008">850212n| acannaabn          |a aaa      </controlfield>
  <datafield tag="010" ind1=" " ind2=" ">
    <subfield code="a">n  85006885 </subfield>
  </datafield>
  <datafield tag="035" ind1=" " ind2=" ">
    <subfield code="a">(OCoLC)oca01266904</subfield>
  </datafield>
  <datafield tag="040" ind1=" " ind2=" ">
    <subfield code="a">DLC</subfield>
    <subfield code="b">eng</subfield>
    <subfield code="c">DLC</subfield>
    <subfield code="d">DLC</subfield>
    <subfield code="d">OCoLC</subfield>
  </datafield>
  <datafield tag="100" ind1="1" ind2=" ">
    <subfield code="a">Grant, James,</subfield>
    <subfield code="d">1802-1879</subfield>
  </datafield>
  <datafield tag="400" ind1="0" ind2=" ">
    <subfield code="a">Author of "Random recollections of the lords and commons,"</subfield>
    <subfield code="d">1802-1879</subfield>
  </datafield>
  <datafield tag="400" ind1="0" ind2=" ">
    <subfield code="a">Author of "The great metropolis,"</subfield>
    <subfield code="d">1802-1879</subfield>
  </datafield>
  <datafield tag="400" ind1="1" ind2=" ">
    <subfield code="a">"Random recollections of the lords and commons," Author of,</subfield>
    <subfield code="d">1802-1879</subfield>
  </datafield>
  <datafield tag="400" ind1="1" ind2=" ">
    <subfield code="a">"Great metropolis," Author of,</subfield>
    <subfield code="d">1802-1879</subfield>
  </datafield>
  <datafield tag="670" ind1=" " ind2=" ">
    <subfield code="a">His The bench ... 1985:</subfield>
    <subfield code="b">CIP t.p. (Author of "Random recollections of the lords and commons," "The great metropolis")</subfield>
  </datafield>
  <datafield tag="670" ind1=" " ind2=" ">
    <subfield code="a">NUC pre-1956</subfield>
    <subfield code="b">(Grant, James, 1802-1879)</subfield>
  </datafield>
</record>